<?xml version="1.0" encoding="UTF-8"?><record xmlns="http://www.loc.gov/MARC21/slim" xmlns:cinclude="http://apache.org/cocoon/include/1.0" xmlns:zs="http://www.loc.gov/zing/srw/">
  <leader>00995cz  a2200169n  4500</leader>
  <controlfield tag="001">nr 93043613 </controlfield>
  <controlfield tag="003">DLC</controlfield>
  <controlfield tag="005">20120811084649.0</controlfield>
  <controlfield tag="008">931021n| acannaab           |a ana      </controlfield>
  <datafield tag="010" ind1=" " ind2=" ">
    <subfield code="a">nr 93043613 </subfield>
  </datafield>
  <datafield tag="040" ind1=" " ind2=" ">
    <subfield code="a">DLC-R</subfield>
    <subfield code="b">eng</subfield>
    <subfield code="c">DLC-R</subfield>
    <subfield code="d">DLC-R</subfield>
    <subfield code="d">DLC</subfield>
  </datafield>
  <datafield tag="111" ind1="2" ind2=" ">
    <subfield code="a">International Conference Fifty Years After, the Pacific War Re-examined</subfield>
    <subfield code="d">(1991 :</subfield>
    <subfield code="c">Yamanakako-mura, Japan)</subfield>
  </datafield>
  <datafield tag="411" ind1="2" ind2=" ">
    <subfield code="a">Conference Fifty Years After, the Pacific War Re-examined, International</subfield>
  </datafield>
  <datafield tag="411" ind1="2" ind2=" ">
    <subfield code="a">Taiheiyō Sensō no Saikōsatsu, Kaisen 50-shūnen Kokusai Kaigi</subfield>
    <subfield code="d">(1991 :</subfield>
    <subfield code="c">Yamanakako-mura, Japan)</subfield>
  </datafield>
  <datafield tag="411" ind1="2" ind2=" ">
    <subfield code="a">Yamanakako Kaigi</subfield>
    <subfield code="d">(1991 :</subfield>
    <subfield code="c">Yamanakako-mura, Japan)</subfield>
  </datafield>
  <datafield tag="667" ind1=" " ind2=" ">
    <subfield code="a">THIS 1XX FIELD CANNOT BE USED UNDER RDA UNTIL THIS RECORD HAS BEEN REVIEWED AND/OR UPDATED</subfield>
  </datafield>
  <datafield tag="670" ind1=" " ind2=" ">
    <subfield code="a">Taiheiyō Sensō, 1993:</subfield>
    <subfield code="b">pref. (International Conference: Fifty Years After, the Pacific War Re-examined; Taiheiyō Sensō no Saikōsatsu, Kaisen 50-shūnen Kokusai Kaigi; Yamanakako Kaigi; held at Yamanakako in Yamanashi-ken, Nov. 14-17, 1991)</subfield>
  </datafield>
</record>